{
  "leader": "03832cam a2200493 a 4500",
  "fields": [
    {
      "001": "ocm32778364\\"
    },
    {
      "003": "OCoLC"
    },
    {
      "005": "20230106154530.0"
    },
    {
      "008": "950615s1995\\\\\\\\nyua\\\\\\\\\\bf\\\\\\001\\0\\eng\\\\"
    },
    {
      "010": {
        "ind1": "\\",
        "ind2": "\\",
        "subfields": [
          {
            "a": "   95032277 "
          }
        ]
      }
    },
    {
      "040": {
        "ind1": "\\",
        "ind2": "\\",
        "subfields": [
          {
            "a": "DLC"
          },
          {
            "b": "eng"
          },
          {
            "c": "DLC"
          },
          {
            "d": "GZH"
          },
          {
            "d": "NLM"
          },
          {
            "d": "AGL"
          },
          {
            "d": "NLGGC"
          },
          {
            "d": "BTCTA"
          },
          {
            "d": "YDXCP"
          },
          {
            "d": "HEBIS"
          },
          {
            "d": "EXW"
          },
          {
            "d": "CHRRO"
          },
          {
            "d": "TULIB"
          },
          {
            "d": "GBVCP"
          },
          {
            "d": "OCLCF"
          },
          {
            "d": "OCLCO"
          },
          {
            "d": "OCLCQ"
          },
          {
            "d": "OCLCA"
          },
          {
            "d": "OCLCQ"
          },
          {
            "d": "OCLCA"
          },
          {
            "d": "V5E"
          },
          {
            "d": "BGU"
          },
          {
            "d": "OCLCO"
          },
          {
            "d": "CNO"
          },
          {
            "d": "OCLCQ"
          },
          {
            "d": "OCLCO"
          },
          {
            "d": "UKBTH"
          },
          {
            "d": "AUQ"
          },
          {
            "d": "S1C"
          },
          {
            "d": "OCLCO"
          }
        ]
      }
    },
    {
      "016": {
        "ind1": "7",
        "ind2": "\\",
        "subfields": [
          {
            "a": "9517529"
          },
          {
            "2": "DNLM"
          }
        ]
      }
    },
    {
      "019": {
        "ind1": "\\",
        "ind2": "\\",
        "subfields": [
          {
            "a": "717048827"
          },
          {
            "a": "1166963326"
          }
        ]
      }
    },
    {
      "020": {
        "ind1": "\\",
        "ind2": "\\",
        "subfields": [
          {
            "a": "0879694475"
          },
          {
            "q": "(cloth ;"
          },
          {
            "q": "alk. paper)"
          }
        ]
      }
    },
    {
      "020": {
        "ind1": "\\",
        "ind2": "\\",
        "subfields": [
          {
            "a": "9780879694470"
          },
          {
            "q": "(cloth ;"
          },
          {
            "q": "alk. paper)"
          }
        ]
      }
    },
    {
      "020": {
        "ind1": "\\",
        "ind2": "\\",
        "subfields": [
          {
            "a": "0879694483"
          },
          {
            "q": "(comb ;"
          },
          {
            "q": "alk. paper)"
          }
        ]
      }
    },
    {
      "020": {
        "ind1": "\\",
        "ind2": "\\",
        "subfields": [
          {
            "a": "9780879694487"
          },
          {
            "q": "(comb ;"
          },
          {
            "q": "alk. paper)"
          }
        ]
      }
    },
    {
      "035": {
        "ind1": "\\",
        "ind2": "\\",
        "subfields": [
          {
            "a": "(OCoLC)32778364"
          },
          {
            "z": "(OCoLC)717048827"
          },
          {
            "z": "(OCoLC)1166963326"
          }
        ]
      }
    },
    {
      "050": {
        "ind1": "0",
        "ind2": "0",
        "subfields": [
          {
            "a": "QP606.D46"
          },
          {
            "b": "P359 1995"
          }
        ]
      }
    },
    {
      "082": {
        "ind1": "0",
        "ind2": "0",
        "subfields": [
          {
            "a": "574.873282"
          },
          {
            "b": "PCR"
          }
        ]
      }
    },
    {
      "245": {
        "ind1": "0",
        "ind2": "0",
        "subfields": [
          {
            "a": "PCR primer :"
          },
          {
            "b": "a laboratory manual /"
          },
          {
            "c": "edited by Carl W. Dieffenbach, Gabriela S. Dveksler."
          }
        ]
      }
    },
    {
      "260": {
        "ind1": "\\",
        "ind2": "\\",
        "subfields": [
          {
            "a": "Plainview, N.Y. :"
          },
          {
            "b": "Cold Spring Harbor Laboratory Press,"
          },
          {
            "c": "1995."
          }
        ]
      }
    },
    {
      "300": {
        "ind1": "\\",
        "ind2": "\\",
        "subfields": [
          {
            "a": "xii, 714 pages :"
          },
          {
            "b": "illustrations ;"
          },
          {
            "c": "29 cm"
          }
        ]
      }
    },
    {
      "336": {
        "ind1": "\\",
        "ind2": "\\",
        "subfields": [
          {
            "a": "text"
          },
          {
            "b": "txt"
          },
          {
            "2": "rdacontent"
          }
        ]
      }
    },
    {
      "337": {
        "ind1": "\\",
        "ind2": "\\",
        "subfields": [
          {
            "a": "unmediated"
          },
          {
            "b": "n"
          },
          {
            "2": "rdamedia"
          }
        ]
      }
    },
    {
      "338": {
        "ind1": "\\",
        "ind2": "\\",
        "subfields": [
          {
            "a": "volume"
          },
          {
            "b": "nc"
          },
          {
            "2": "rdacarrier"
          }
        ]
      }
    },
    {
      "504": {
        "ind1": "\\",
        "ind2": "\\",
        "subfields": [
          {
            "a": "Includes bibliographical references and index."
          }
        ]
      }
    },
    {
      "505": {
        "ind1": "0",
        "ind2": "0",
        "subfields": [
          {
            "t": "Setting Up a PCR Laboratory /"
          },
          {
            "r": "Theodore E. Mifflin --"
          },
          {
            "t": "Dealing with Carryover Contamination in PCR: An Enzymatic Strategy /"
          },
          {
            "r": "Kyusung Park, Jun Lee --"
          },
          {
            "t": "High-Fidelity PCR Enzymes /"
          },
          {
            "r": "Holly H. Hogrefe, Michael C. Borns --"
          },
          {
            "t": "Optimization and Troubleshooting in PCR /"
          },
          {
            "r": "Kenneth H. Roux --"
          },
          {
            "t": "PCR Amplification of Highly GC-rich Regions /"
          },
          {
            "r": "Lise Lotte Hansen, Just Justesen --"
          },
          {
            "t": "Tips for Long and Accurate PCR /"
          },
          {
            "r": "Wayne M. Barnes --"
          },
          {
            "t": "PCR Primer Design /"
          },
          {
            "r": "Arun Apte, Saurabha Daniel --"
          },
          {
            "t": "Nonradioactive Cycle Sequencing of PCR-amplified DNA /"
          },
          {
            "r": "Susan R. Haynes --"
          },
          {
            "t": "Sample Preparation --"
          },
          {
            "t": "DNA Purification /"
          },
          {
            "r": "Craig Smith, Paul Otto, Rex Bitner, Gary Shiels --"
          },
          {
            "t": "RNA Purification /"
          },
          {
            "r": "Michael A. Connolly, Peter A. Clausen, James G. Lazar --"
          },
          {
            "t": "In Situ Localization of Gene Expression Using Laser Capture Microdissection /"
          },
          {
            "r": "Motoko Morimoto, Masahiro Morimoto, Jeannette Whitmire, Robert A. Star, Joseph F. Urban, Jr., William C. Gause --"
          },
          {
            "t": "Strategies for Overcoming PCR Inhibition /"
          },
          {
            "r": "Peter Radstrom, Charlotta Lofstrom, Maria Lovenklev, Rickard Knutsson, Petra Wolffs --"
          },
          {
            "t": "RT-PCR Methods --"
          },
          {
            "t": "The Use of Internal Controls for Relative and Competitive Quantitative RT-PCR /"
          },
          {
            "r": "Renee M. Horner --"
          },
          {
            "t": "Comparison of Four Real-time PCR Detection Systems: Bio-Rad I-Cycler, ABI 7700, Roche LightCycler, and the Cepheid Smartcycler /"
          },
          {
            "r": "Katherine E. Templeton, Eric C.J. Claas --"
          },
          {
            "t": "New Technology for Quantitative PCR /"
          },
          {
            "r": "Wolfgang Kusser, Sandrine Javorschi, Martin A. Gleeson."
          }
        ]
      }
    },
    {
      "520": {
        "ind1": "\\",
        "ind2": "\\",
        "subfields": [
          {
            "a": "\"Each section contains a thorough introduction, explaining the essence of the techniques covered, with useful diagrams and step-by-step procedures...presents protocols logically and clearly...offers in-depth interpretations of results.\"--Amazon.com viewed Dec. 31, 2020."
          }
        ]
      }
    },
    {
      "650": {
        "ind1": "\\",
        "ind2": "0",
        "subfields": [
          {
            "a": "Polymerase chain reaction"
          },
          {
            "v": "Laboratory manuals."
          }
        ]
      }
    },
    {
      "650": {
        "ind1": "\\",
        "ind2": "0",
        "subfields": [
          {
            "a": "Polymerase chain reaction."
          }
        ]
      }
    },
    {
      "650": {
        "ind1": "1",
        "ind2": "2",
        "subfields": [
          {
            "a": "Polymerase Chain Reaction"
          }
        ]
      }
    },
    {
      "650": {
        "ind1": "\\",
        "ind2": "7",
        "subfields": [
          {
            "a": "Polymerase chain reaction."
          },
          {
            "2": "fast"
          },
          {
            "0": "(OCoLC)fst01070553"
          }
        ]
      }
    },
    {
      "655": {
        "ind1": "\\",
        "ind2": "2",
        "subfields": [
          {
            "a": "Laboratory Manual"
          }
        ]
      }
    },
    {
      "655": {
        "ind1": "\\",
        "ind2": "7",
        "subfields": [
          {
            "a": "Laboratory manuals."
          },
          {
            "2": "fast"
          },
          {
            "0": "(OCoLC)fst01920776"
          }
        ]
      }
    },
    {
      "655": {
        "ind1": "\\",
        "ind2": "7",
        "subfields": [
          {
            "a": "Laboratory manuals."
          },
          {
            "2": "lcgft"
          }
        ]
      }
    },
    {
      "700": {
        "ind1": "1",
        "ind2": "\\",
        "subfields": [
          {
            "a": "Dieffenbach, Carl W."
          }
        ]
      }
    },
    {
      "700": {
        "ind1": "1",
        "ind2": "\\",
        "subfields": [
          {
            "a": "Dveksler, Gabriela S."
          }
        ]
      }
    },
    {
      "776": {
        "ind1": "0",
        "ind2": "8",
        "subfields": [
          {
            "i": "Online version:"
          },
          {
            "t": "PCR primer."
          },
          {
            "d": "Plainview, N.Y. : Cold Spring Harbor Laboratory Press, 1995"
          },
          {
            "w": "(OCoLC)604718620"
          }
        ]
      }
    },
    {
      "776": {
        "ind1": "0",
        "ind2": "8",
        "subfields": [
          {
            "i": "Online version:"
          },
          {
            "t": "PCR primer."
          },
          {
            "d": "Plainview, N.Y. : Cold Spring Harbor Laboratory Press, 1995"
          },
          {
            "w": "(OCoLC)609080674"
          }
        ]
      }
    },
    {
      "856": {
        "ind1": "4",
        "ind2": "1",
        "subfields": [
          {
            "3": "Table of contents"
          },
          {
            "u": "http://www.gbv.de/dms/bowker/toc/9780879694487.pdf"
          }
        ]
      }
    },
    {
      "994": {
        "ind1": "\\",
        "ind2": "\\",
        "subfields": [
          {
            "a": "Z0"
          },
          {
            "b": "NYRVC"
          }
        ]
      }
    },
    {
      "948": {
        "ind1": "\\",
        "ind2": "\\",
        "subfields": [
          {
            "h": "NO HOLDINGS IN NYRVC - 315 OTHER HOLDINGS"
          }
        ]
      }
    },
    {
      "999": {
        "ind1": "\\",
        "ind2": "\\",
        "subfields": [
          {
            "a": "00000000026316"
          }
        ]
      }
    }
  ]
}